@article{idealPacking,
	author = {Thomas C. Hales},
	title = {A proof of the Kepler conjecture},
	journal = {Annals of Mathematics},
	year = {2005},
	volume = {162},
	pages = {1065 -- 1185}
}

@article{randomPacking,
	author = {Chaoming Song and Ping Wang and Hernan A. Makse},
	title = {A phase diagram for jammed matter},
	journal = {Nature},
	year = {2008},
	month = {May},
	volume = {453},
	pages = {629 -- 632}
}

@book{maxwellDist,
	author = {Daniel V. Schroeder},
	title = {An introduction to Thermal Physics},
	publisher = {Addison Wesley Longman},
	year = {2000}
}

@book{adsorptionModel,
	author = {Ralph Baierlein},
	title = {Thermal Physics},
	publisher = {Cambridge University Press},
	year = {1999}
}
	
